@InProceedings{Jcc2003,
author={Choon, Jae Cha and Hee Cheon, Jung},
editor={Desmedt, Yvo G.},
title={An Identity-Based Signature from Gap Diffie-Hellman Groups},
booktitle={Public Key Cryptography (PKC'03)},
year={2002},
publisher={Springer Berlin Heidelberg},
address={Berlin, Heidelberg},
pages={18--30}
}



@article{is1,
    title={An Anonymous and Provably Secure Authentication Scheme for Mobile User},
    author={Islam, SK Hafizul and Obaidat, M. S. and Amin, Ruhul},
    journal={International Journal of Communication Systems},
    volume={29},
    number={9},
    pages={1529-1544},
    year={2016},
    publisher={Wiley}
}

@article{is2,
    title={Provably secure and anonymous password authentication protocol for roaming service in global mobility networks using extended chaotic maps},
    author={Islam, SK Hafizul and Khan, M. K. and Obaidat, M. S. and Muhaya, F. T. B.},
    journal={Wireless Personal Communications},
    volume={84},
    number={3},
    pages={2013-2034},
    year={2015},
    publisher={Springer}
}

@article{is3,
    title={Provably secure and pairing-free identity-based handover authentication protocol for wireless mobile networks},
    author={Islam, SK Hafizul and Khan, M. K.},
    journal={International Journal of Communication Systems},
    volume={29},
    pages={2442-2456},
    year={2016},
    publisher={Wiley}
}

@article{is4,
    title={Provably secure and pairing-based strong designated verifier signature scheme with message recovery},
    author={Islam, SK Hafizul and Biswas, G. P.},
    journal={Arabian Journal for Science and Engineering},
    volume={40},
    number={4},
    pages={1069-1080},
    year={2015},
    publisher={Springer}
}

@article{is5,
    title={Provably secure pairing-free identity-based partially blind signature scheme and its application in online e-cash system},
    author={Islam, SK Hafizul and Amin, R. and Biswas, G. P. and Obaidat, M. S. and Khan, M. K.},
    journal={Arabian Journal for Science and Engineering},
    volume={41},
    number={8},
    pages={3163-3176},
    year={2016},
    publisher={Springer}
}

@article{r1,
  title={$CPAS$: An Efficient Conditional Privacy-Preserving Authentication Scheme for Vehicular Sensor Networks},
  author={Shim, Kyung-Ah},
  journal={IEEE Transactions on Vehicular Technology},
  volume={61},
  number={4},
  pages={1874--1883},
  year={2012},
  publisher={IEEE}
}

@article{r2,
  title={An efficient identity-based batch verification scheme for vehicular sensor networks},
  author={Zhang, Chenxi and Lu, Rongxing and Lin, Xiaodong and Ho, P-H and Shen, Xuemin},
  booktitle={IEEE INFOCOM 2008-The 27th Conference on Computer Communications},
  pages={246--250},
  year={2008},
  organization={IEEE}
}

@article{r3,
  title={A secure authentication scheme for VANETs with batch verification},
  author={Bayat, Majid and Barmshoory, Mostafa and Rahimi, Majid and Aref, Mohammd Reza},
  journal={Wireless networks},
  volume={21},
  number={5},
  pages={1733--1743},
  year={2015},
  publisher={Springer}
}

@article{r4,
  title={The sybil attack},
  author={Douceur, John R},
  booktitle={International workshop on peer-to-peer systems},
  pages={251--260},
  year={2002},
  organization={Springer}
}


@article{r5,
  title={Identity-based encryption from the Weil pairing},
  author={Boneh, Dan and Franklin, Matt},
  booktitle={Annual international cryptology conference},
  pages={213--229},
  year={2001},
  organization={Springer}
}

@article{r6,
  title={Short signatures from the Weil pairing},
  author={Boneh, Dan and Lynn, Ben and Shacham, Hovav},
  booktitle={International Conference on the Theory and Application of Cryptology and Information Security},
  pages={514--532},
  year={2001},
  organization={Springer}
}

@article{r7,
  title={An efficient identity-based conditional privacy-preserving authentication scheme for vehicular ad hoc networks},
  author={He, Debiao and Zeadally, Sherali and Xu, Baowen and Huang, Xinyi},
  journal={IEEE Transactions on Information Forensics and Security},
  volume={10},
  number={12},
  pages={2681--2691},
  year={2015},
  publisher={IEEE}
}

@article{r8,
  title={On batch verification with group testing for vehicular communications},
  author={Zhang, Chenxi and Ho, Pin-Han and Tapolcai, Janos},
  journal={Wireless Networks},
  volume={17},
  number={8},
  pages={1851},
  year={2011},
  publisher={Springer}
}

@article{r9,
  title={SPECS: Secure and privacy enhancing communications schemes for VANETs},
  author={Chim, Tat Wing and Yiu, Siu-Ming and Hui, Lucas CK and Li, Victor OK},
  journal={Ad Hoc Networks},
  volume={9},
  number={2},
  pages={189--203},
  year={2011},
  publisher={Elsevier}
}

@article{r10,
  title={Improvements on an authentication scheme for vehicular sensor networks},
  author={Liu, Joseph K and Yuen, Tsz Hon and Au, Man Ho and Susilo, Willy},
  journal={Expert Systems with Applications},
  volume={41},
  number={5},
  pages={2559--2564},
  year={2014},
  publisher={Elsevier}
}

@article{r11,
  title={Toward a secure batch verification with group testing for VANET},
  author={Lee, Cheng-Chi and Lai, Yan-Ming},
  journal={Wireless networks},
  volume={19},
  number={6},
  pages={1441--1449},
  year={2013},
  publisher={Springer}
}

@article{r12,
  title={Security arguments for digital signatures and blind signatures},
  author={Pointcheval, David and Stern, Jacques},
  journal={Journal of cryptology},
  volume={13},
  number={3},
  pages={361--396},
  year={2000},
  publisher={Springer}
}


 @article{r13,
  title={On the Security of a Secure Batch Verification with Group Testing for VANET},
  author={Zhang, Jianhong and Xu, Min and Liu, Liying},
  journal={International Journal of Network Security},
  volume={16},
  number={5},
  pages={355--362},
  year={2014},
  publisher={捷頂科技有限公司}
}

@article{r14,
  title={Vehicular communications using DSRC: challenges, enhancements, and evolution},
  author={Wu, Xinzhou and Subramanian, Sundar and Guha, Ratul and White, Robert G and Li, Junyi and Lu, Kevin W and Bucceri, Anthony and Zhang, Tao},
  journal={IEEE Journal on Selected Areas in Communications},
  volume={31},
  number={9},
  pages={399--408},
  year={2013},
  publisher={IEEE}
}

@article{r15,
  title={Improved packet forwarding approach in Vehicular ad hoc networks using RDGR algorithm},
  author={Prasanth, K and Duraiswamy, Dr K and Jayasudha, K and Chandrasekar, Dr C},
  journal={arXiv preprint arXiv:1003.5437},
  year={2010}
}

@article{r16,
author = {Qureshi, Kashif and Abdullah, Hanan},
year = {2013},
month = {12},
pages = {},
title = {Topology based routing protocols for VANET and their comparison with MANET},
volume = {58},
journal = {Journal of Theoretical and Applied Information Technology}
}

@article{r17,
title = {VANET Based Vehicle Tracking Module for Safe and Efficient Road Transportation System},
journal = {Procedia Computer Science},
volume = {46},
pages = {1173--1180},
year = {2015},
author = {P.A. Sumayya and P.S. Shefeena}
}

@article{r18,
  author={H. {Ilhan} and I. {Altunbas} and M. {Uysal}},
  booktitle={VTC Spring 2008 - IEEE Vehicular Technology Conference}, 
  title={Cooperative Diversity for Relay-Assisted Inter-Vehicular Communication}, 
  year={2008},
  volume={},
  number={},
  pages={605-609}}

@article{r19,
  author={J. B. {Kenney}},
  journal={Proceedings of the IEEE}, 
  title={Dedicated Short-Range Communications (DSRC) Standards in the United States}, 
  year={2011},
  volume={99},
  number={7},
  pages={1162-1182},}